@article{datanasesHistory,
  title={History of databases},
  author={Berg, Kristi L and Seymour, Tom and Goel, Richa and others},
  journal={International Journal of Management \& Information Systems (IJMIS)},
  volume={17},
  number={1},
  pages={29--36},
  year={2013}
}